@article{ESG,
author={D. Bernholdt and S. Bharathi and D. Brown et al.},
title={The earth system grid: Supporting the next generation of climate modeling research},
journal={Proc. of the IEEE},
year={2005},
volume={93},
number={3},
pages={485--495}
}

@misc{CDAT,
author={Program for Climate Model Diagnosis and Intercomparison},
title={Climate Data Analysis Tools},
note={\url{http://www2-pcmdi.llnl.gov/cdat}}
}

@misc{globusOnline,
author={{Globus Project}},
title={Globus Online},
note={\url{http://www.globusonline.org/}}
}

